@article{james2005apartment,
  title={Apartment rent prediction using spatial modeling},
  author={James, Valente and Wu, ShanShan and Gelfand, Alan and Sirmans, C},
  journal={Journal of Real Estate Research},
  volume={27},
  number={1},
  pages={105--136},
  year={2005},
  publisher={American Real Estate Society}
}

@article{belasco2012using,
  title={Using a finite mixture model of heterogeneous households to delineate housing submarkets},
  author={Belasco, Eric and Farmer, Michael and Lipscomb, Clifford},
  journal={Journal of Real Estate Research},
  volume={34},
  number={4},
  pages={577--594},
  year={2012},
  publisher={American Real Estate Society}
}